
@online{center_for_history_and_new_media_zotero_????,
	title = {Zotero Quick Start Guide},
	url = {http://zotero.org/support/quick_start_guide},
	author = {{Center for History and New Media}}
}

@book{wood_generalized_2006,
	edition = {1 edition},
	title = {Generalized Additive Models: An Introduction with R (Chapman \& {Hall/CRC} Texts in Statistical Science)},
	isbn = {1584884746},
	shorttitle = {Generalized Additive Models},
	language = {English},
	publisher = {Chapman and {Hall/CRC}},
	author = {Wood, Simon},
	date = {2006-02-27}
}

@book{hastie_generalized_1990,
	edition = {1 edition},
	title = {Generalized Additive Models (Chapman \& {Hall/CRC} Monographs on Statistics \& Applied Probability)},
	isbn = {0412343908},
	language = {English},
	publisher = {Chapman and {Hall/CRC}},
	author = {Hastie, T. J. and Tibshirani, R. J.},
	date = {1990-06-01}
}

@article{black_is_1998,
	title = {Is Hotelling's Rule Relevant to Domestic Oil Production?},
	volume = {36},
	issn = {0095-0696},
	url = {http://www.sciencedirect.com/science/article/pii/S0095069698910427},
	doi = {10.1006/jeem.1998.1042},
	issue = {2},
	pages = {149-169},
	journaltitle = {Journal of Environmental Economics and Management},
	shortjournal = {Journal of Environmental Economics and Management},
	author = {Black, Geoffrey and {LaFrance}, Jeffrey T},
	urldate = {2013-10-30},
	date = {1998-09},
	keywords = {Hotelling's Rule, Maximum Efficient Recovery, Oil Supply},
	file = {ScienceDirect Full Text PDF:/Users/johannesmauritzen/Library/Application Support/Zotero/Profiles/y2oiwf2h.default/zotero/storage/8SPHJ92C/Black and LaFrance - 1998 - Is Hotelling's Rule Relevant to Domestic Oil Produ.pdf:application/pdf;ScienceDirect Snapshot:/Users/johannesmauritzen/Library/Application Support/Zotero/Profiles/y2oiwf2h.default/zotero/storage/N9F28F7N/S0095069698910427.html:text/html}
}

@article{hotelling_economics_1931,
	title = {The Economics of Exhaustible Resources},
	volume = {39},
	rights = {Copyright © 1931 The University of Chicago Press},
	issn = {0022-3808},
	url = {http://www.jstor.org/stable/1822328},
	issue = {2},
	pages = {137-175},
	journaltitle = {Journal of Political Economy},
	shortjournal = {Journal of Political Economy},
	author = {Hotelling, Harold},
	urldate = {2013-10-30},
	date = {1931-04-01},
	note = {{ArticleType:} research-article / Full publication date: Apr., 1931 / Copyright © 1931 The University of Chicago Press},
	file = {JSTOR Full Text PDF:/Users/johannesmauritzen/Library/Application Support/Zotero/Profiles/y2oiwf2h.default/zotero/storage/EMZVDSTV/Hotelling - 1931 - The Economics of Exhaustible Resources.pdf:application/pdf}
}

@article{bardi_peak_2009,
	title = {Peak oil: The four stages of a new idea},
	volume = {34},
	issn = {0360-5442},
	url = {http://www.sciencedirect.com/science/article/pii/S0360544208002132},
	doi = {10.1016/j.energy.2008.08.015},
	shorttitle = {Peak oil},
	issue = {3},
	pages = {323-326},
	journaltitle = {Energy},
	shortjournal = {Energy},
	author = {Bardi, Ugo},
	urldate = {2013-10-30},
	date = {2009-03},
	keywords = {Crude oil, Hubbert's peak, Peak oil, Resource depletion},
	file = {ScienceDirect Full Text PDF:/Users/johannesmauritzen/Library/Application Support/Zotero/Profiles/y2oiwf2h.default/zotero/storage/5K2MU64W/Bardi - 2009 - Peak oil The four stages of a new idea.pdf:application/pdf;ScienceDirect Snapshot:/Users/johannesmauritzen/Library/Application Support/Zotero/Profiles/y2oiwf2h.default/zotero/storage/9UNEDSUS/S0360544208002132.html:text/html}
}

@report{blanchard_macroeconomic_2007,
	title = {The Macroeconomic Effects of Oil Shocks: Why are the 2000s So Different from the 1970s?},
	url = {http://www.nber.org/papers/w13368},
	shorttitle = {The Macroeconomic Effects of Oil Shocks},
	number = {13368},
	institution = {National Bureau of Economic Research},
	type = {Working Paper},
	author = {Blanchard, Olivier J. and Gali, Jordi},
	urldate = {2013-10-30},
	date = {2007-09},
	file = {NBER Full Text PDF:/Users/johannesmauritzen/Library/Application Support/Zotero/Profiles/y2oiwf2h.default/zotero/storage/2J8U6PPP/Blanchard and Gali - 2007 - The Macroeconomic Effects of Oil Shocks Why are t.pdf:application/pdf}
}

@article{boyce_prediction_????,
	title = {Prediction and Inference in the Hubbert-Deffeyes Peak Oil Model},
	volume = {34},
	issn = {0195-6574},
	url = {http://cat.inist.fr/?aModele=afficheN&cpsidt=27152751},
	language = {eng},
	issue = {2},
	pages = {91-144},
	journaltitle = {The Energy journal},
	author = {Boyce, John R.},
	urldate = {2013-10-30},
	file = {Boyce - 2013 - Prediction and Inference in the Hubbert-Deffeyes Peak Oil Model.pdf:/Users/johannesmauritzen/Library/Application Support/Zotero/Profiles/y2oiwf2h.default/zotero/storage/Z4J66JFH/Boyce - 2013 - Prediction and Inference in the Hubbert-Deffeyes Peak Oil Model.pdf:application/pdf;Snapshot:/Users/johannesmauritzen/Library/Application Support/Zotero/Profiles/y2oiwf2h.default/zotero/storage/NAXGAZBX/cat.inist.fr.html:text/html}
}

@article{boyce_exploration_2011,
	title = {Exploration and development of {U.S.} oil and gas fields, 1955–2002},
	volume = {35},
	issn = {0165-1889},
	url = {http://www.sciencedirect.com/science/article/pii/S0165188910002812},
	doi = {10.1016/j.jedc.2010.12.010},
	issue = {6},
	pages = {891-908},
	journaltitle = {Journal of Economic Dynamics and Control},
	shortjournal = {Journal of Economic Dynamics and Control},
	author = {Boyce, John R. and Nøstbakken, Linda},
	urldate = {2013-10-30},
	date = {2011-06},
	keywords = {Contracting, Exhaustible resources, Exploration and development},
	file = {ScienceDirect Full Text PDF:/Users/johannesmauritzen/Library/Application Support/Zotero/Profiles/y2oiwf2h.default/zotero/storage/2NETNZS4/Boyce and Nøstbakken - 2011 - Exploration and development of U.S. oil and gas fi.pdf:application/pdf;ScienceDirect Snapshot:/Users/johannesmauritzen/Library/Application Support/Zotero/Profiles/y2oiwf2h.default/zotero/storage/XJGVA9TD/S0165188910002812.html:text/html}
}

@article{brandt_testing_2007,
	title = {Testing Hubbert},
	volume = {35},
	issn = {0301-4215},
	url = {http://www.sciencedirect.com/science/article/pii/S0301421506004265},
	doi = {10.1016/j.enpol.2006.11.004},
	issue = {5},
	pages = {3074-3088},
	journaltitle = {Energy Policy},
	shortjournal = {Energy Policy},
	author = {Brandt, Adam R.},
	urldate = {2013-10-30},
	date = {2007-05},
	keywords = {Hubbert theory, Oil depletion, Petroleum},
	file = {ScienceDirect Full Text PDF:/Users/johannesmauritzen/Library/Application Support/Zotero/Profiles/y2oiwf2h.default/zotero/storage/C326FXH5/Brandt - 2007 - Testing Hubbert.pdf:application/pdf;ScienceDirect Snapshot:/Users/johannesmauritzen/Library/Application Support/Zotero/Profiles/y2oiwf2h.default/zotero/storage/AJS9WBII/S0301421506004265.html:text/html}
}

@article{brandt_review_2010,
	title = {Review of mathematical models of future oil supply: Historical overview and synthesizing critique},
	volume = {35},
	issn = {0360-5442},
	url = {http://www.sciencedirect.com/science/article/pii/S0360544210002537},
	doi = {10.1016/j.energy.2010.04.045},
	shorttitle = {Review of mathematical models of future oil supply},
	issue = {9},
	pages = {3958-3974},
	journaltitle = {Energy},
	shortjournal = {Energy},
	author = {Brandt, Adam R.},
	urldate = {2013-10-30},
	date = {2010-09},
	keywords = {Hubbert curves, Mathematical modeling, Oil depletion},
	file = {ScienceDirect Full Text PDF:/Users/johannesmauritzen/Library/Application Support/Zotero/Profiles/y2oiwf2h.default/zotero/storage/33R2M5U9/Brandt - 2010 - Review of mathematical models of future oil supply.pdf:application/pdf;ScienceDirect Snapshot:/Users/johannesmauritzen/Library/Application Support/Zotero/Profiles/y2oiwf2h.default/zotero/storage/BTCFZ6JR/S0360544210002537.html:text/html}
}

@report{dvir_three_2009,
	title = {Three Epochs of Oil},
	url = {http://www.nber.org/papers/w14927},
	number = {14927},
	institution = {National Bureau of Economic Research},
	type = {Working Paper},
	author = {Dvir, Eyal and Rogoff, Kenneth S.},
	urldate = {2013-10-30},
	date = {2009-04},
	file = {NBER Full Text PDF:/Users/johannesmauritzen/Library/Application Support/Zotero/Profiles/y2oiwf2h.default/zotero/storage/FKAX9HXF/Dvir and Rogoff - 2009 - Three Epochs of Oil.pdf:application/pdf}
}

@article{farzin_impact_2001,
	title = {The impact of oil price on additions to {US} proven reserves},
	volume = {23},
	issn = {0928-7655},
	url = {http://www.sciencedirect.com/science/article/pii/S0928765501000409},
	doi = {10.1016/S0928-7655(01)00040-9},
	issue = {3},
	pages = {271-292},
	journaltitle = {Resource and Energy Economics},
	shortjournal = {Resource and Energy Economics},
	author = {Farzin, {Y.H.}},
	urldate = {2013-10-30},
	date = {2001-07},
	keywords = {Depletion, Oil dependence, Price effect, Reserves additions, Technological progress},
	file = {ScienceDirect Full Text PDF:/Users/johannesmauritzen/Library/Application Support/Zotero/Profiles/y2oiwf2h.default/zotero/storage/FKDQWHRA/Farzin - 2001 - The impact of oil price on additions to US proven .pdf:application/pdf;ScienceDirect Snapshot:/Users/johannesmauritzen/Library/Application Support/Zotero/Profiles/y2oiwf2h.default/zotero/storage/NEFFA7E2/S0928765501000409.html:text/html}
}

@article{fouquet_thousand_1998,
	title = {A Thousand Years of Energy Use in the United Kingdom},
	volume = {19},
	issn = {01956574},
	url = {http://orca.cf.ac.uk/27205/},
	doi = {10.5547/ISSN0195-6574-EJ-Vol19-No4-1},
	issue = {4},
	journaltitle = {The Energy Journal},
	author = {Fouquet, Roger and Pearson, Peter J. G.},
	urldate = {2013-10-30},
	date = {1998-10-01},
	file = {A thousand years of energy use in the United Kingdom -ORCA:/Users/johannesmauritzen/Library/Application Support/Zotero/Profiles/y2oiwf2h.default/zotero/storage/A7XH457G/27205.html:text/html;Fouquet, Pearson - 2013 - A Thousand Years of Energy Use in the United Kingdom Author ( s ) Roger Fouquet and Peter J . G . Pearson Publ.pdf:/Users/johannesmauritzen/Library/Application Support/Zotero/Profiles/y2oiwf2h.default/zotero/storage/6FCXH7IT/Fouquet, Pearson - 2013 - A Thousand Years of Energy Use in the United Kingdom Author ( s ) Roger Fouquet and Peter J . G . Pearson Publ.pdf:application/pdf}
}

@report{hamilton_oil_2012,
	title = {Oil Prices, Exhaustible Resources, and Economic Growth},
	url = {http://ideas.repec.org/p/nbr/nberwo/17759.html},
	number = {17759},
	institution = {National Bureau of Economic Research, Inc},
	type = {{NBER} Working Paper},
	author = {Hamilton, James D.},
	urldate = {2013-10-30},
	date = {2012},
	file = {RePEc Snapshot:/Users/johannesmauritzen/Library/Application Support/Zotero/Profiles/y2oiwf2h.default/zotero/storage/39UGFFZ6/17759.html:text/html}
}

@article{hook_decline_2008,
	title = {A decline rate study of Norwegian oil production},
	volume = {36},
	issn = {0301-4215},
	url = {http://www.sciencedirect.com/science/article/pii/S0301421508003935},
	doi = {10.1016/j.enpol.2008.07.039},
	issue = {11},
	pages = {4262-4271},
	journaltitle = {Energy Policy},
	shortjournal = {Energy Policy},
	author = {Höök, Mikael and Aleklett, Kjell},
	urldate = {2013-10-30},
	date = {2008-11},
	keywords = {Decline rate, Future Norwegian oil production, Peak oil},
	file = {ScienceDirect Full Text PDF:/Users/johannesmauritzen/Library/Application Support/Zotero/Profiles/y2oiwf2h.default/zotero/storage/K68AIB72/Höök and Aleklett - 2008 - A decline rate study of Norwegian oil production.pdf:application/pdf;ScienceDirect Snapshot:/Users/johannesmauritzen/Library/Application Support/Zotero/Profiles/y2oiwf2h.default/zotero/storage/MUHKNX5F/S0301421508003935.html:text/html}
}

@article{hook_evolution_2009,
	title = {The Evolution of Giant Oil Field Production Behavior},
	volume = {18},
	issn = {1520-7439, 1573-8981},
	url = {http://link.springer.com/article/10.1007/s11053-009-9087-z},
	doi = {10.1007/s11053-009-9087-z},
	language = {en},
	issue = {1},
	pages = {39-56},
	journaltitle = {Natural Resources Research},
	shortjournal = {Nat Resour Res},
	author = {Höök, Mikael and Söderbergh, Bengt and Jakobsson, Kristofer and Aleklett, Kjell},
	urldate = {2013-10-30},
	date = {2009-03-01},
	keywords = {Depletion, Economic Geology, field behavior, Giant oil fields, Hydrogeology, Mathematical Applications in Earth Sciences, Peak oil, Sedimentology},
	file = {Full Text PDF:/Users/johannesmauritzen/Library/Application Support/Zotero/Profiles/y2oiwf2h.default/zotero/storage/WXE5RM6F/Höök et al. - 2009 - The Evolution of Giant Oil Field Production Behavi.pdf:application/pdf;Snapshot:/Users/johannesmauritzen/Library/Application Support/Zotero/Profiles/y2oiwf2h.default/zotero/storage/NB3TKNKJ/s11053-009-9087-z.html:text/html}
}

@report{kellogg_effect_2010,
	title = {The Effect of Uncertainty on Investment: Evidence from Texas Oil Drilling},
	url = {http://www.nber.org/papers/w16541},
	shorttitle = {The Effect of Uncertainty on Investment},
	number = {16541},
	institution = {National Bureau of Economic Research},
	type = {Working Paper},
	author = {Kellogg, Ryan},
	urldate = {2013-10-30},
	date = {2010-11},
	file = {Kellogg - 2010 - THE EFFECT OF UNCERTAINTY ON INVESTMENT.pdf:/Users/johannesmauritzen/Library/Application Support/Zotero/Profiles/y2oiwf2h.default/zotero/storage/6RSEKHET/Kellogg - 2010 - THE EFFECT OF UNCERTAINTY ON INVESTMENT.pdf:application/pdf}
}

@article{mohn_exploration_2008,
	title = {Exploration economics in a regulated petroleum province: The case of the Norwegian Continental Shelf},
	volume = {30},
	issn = {0140-9883},
	url = {http://www.sciencedirect.com/science/article/pii/S0140988306001277},
	doi = {10.1016/j.eneco.2006.10.011},
	shorttitle = {Exploration economics in a regulated petroleum province},
	issue = {2},
	pages = {303-320},
	journaltitle = {Energy Economics},
	shortjournal = {Energy Economics},
	author = {Mohn, Klaus and Osmundsen, Petter},
	urldate = {2013-10-30},
	date = {2008-03},
	keywords = {Econometrics, Industrial economics, Oil exploration, Reserve generation},
	file = {ScienceDirect Full Text PDF:/Users/johannesmauritzen/Library/Application Support/Zotero/Profiles/y2oiwf2h.default/zotero/storage/63KN3QXH/Mohn and Osmundsen - 2008 - Exploration economics in a regulated petroleum pro.pdf:application/pdf;ScienceDirect Snapshot:/Users/johannesmauritzen/Library/Application Support/Zotero/Profiles/y2oiwf2h.default/zotero/storage/6BM8NQTN/S0140988306001277.html:text/html}
}

@article{osmundsen_exploration_2010,
	title = {Exploration drilling productivity at the Norwegian shelf},
	volume = {73},
	issn = {0920-4105},
	url = {http://www.sciencedirect.com/science/article/pii/S0920410510001129},
	doi = {10.1016/j.petrol.2010.05.015},
	issue = {1–2},
	pages = {122-128},
	journaltitle = {Journal of Petroleum Science and Engineering},
	shortjournal = {Journal of Petroleum Science and Engineering},
	author = {Osmundsen, Petter and Roll, Kristin Helen and Tveterås, Ragnar},
	urldate = {2013-10-30},
	date = {2010-08},
	keywords = {drilling, Econometrics, exploration, productivity},
	file = {ScienceDirect Full Text PDF:/Users/johannesmauritzen/Library/Application Support/Zotero/Profiles/y2oiwf2h.default/zotero/storage/QN7PBBTK/Osmundsen et al. - 2010 - Exploration drilling productivity at the Norwegian.pdf:application/pdf;ScienceDirect Snapshot:/Users/johannesmauritzen/Library/Application Support/Zotero/Profiles/y2oiwf2h.default/zotero/storage/A88SKEDZ/S0920410510001129.html:text/html}
}

@article{pickering_oil_2008,
	title = {The oil reserves production relationship},
	volume = {30},
	issn = {0140-9883},
	url = {http://www.sciencedirect.com/science/article/pii/S0140988307000199},
	doi = {10.1016/j.eneco.2007.01.014},
	issue = {2},
	pages = {352-370},
	journaltitle = {Energy Economics},
	shortjournal = {Energy Economics},
	author = {Pickering, Andrew},
	urldate = {2013-10-30},
	date = {2008-03},
	keywords = {Exhaustible resources, Extraction, Oil, {OPEC}, Reserves},
	file = {ScienceDirect Full Text PDF:/Users/johannesmauritzen/Library/Application Support/Zotero/Profiles/y2oiwf2h.default/zotero/storage/AKGNPG5B/Pickering - 2008 - The oil reserves production relationship.pdf:application/pdf;ScienceDirect Snapshot:/Users/johannesmauritzen/Library/Application Support/Zotero/Profiles/y2oiwf2h.default/zotero/storage/5VWWIQAN/S0140988307000199.html:text/html}
}

@article{ramcharran_oil_2002,
	title = {Oil production responses to price changes: an empirical application of the competitive model to {OPEC} and non-{OPEC} countries},
	volume = {24},
	issn = {0140-9883},
	url = {http://www.sciencedirect.com/science/article/pii/S0140988301000913},
	doi = {10.1016/S0140-9883(01)00091-3},
	shorttitle = {Oil production responses to price changes},
	issue = {2},
	pages = {97-106},
	journaltitle = {Energy Economics},
	shortjournal = {Energy Economics},
	author = {Ramcharran, Harri},
	urldate = {2013-10-30},
	date = {2002-03},
	keywords = {Competitive model, Supply elasticity, Target revenue theory},
	file = {ScienceDirect Full Text PDF:/Users/johannesmauritzen/Library/Application Support/Zotero/Profiles/y2oiwf2h.default/zotero/storage/CK9A4KRT/Ramcharran - 2002 - Oil production responses to price changes an empi.pdf:application/pdf;ScienceDirect Snapshot:/Users/johannesmauritzen/Library/Application Support/Zotero/Profiles/y2oiwf2h.default/zotero/storage/FIN8B2P8/S0140988301000913.html:text/html}
}

@article{ringlund_does_2008,
	title = {Does oilrig activity react to oil price changes? An empirical investigation},
	volume = {30},
	issn = {0140-9883},
	url = {http://www.sciencedirect.com/science/article/pii/S0140988307000771},
	doi = {10.1016/j.eneco.2007.06.002},
	shorttitle = {Does oilrig activity react to oil price changes?},
	issue = {2},
	pages = {371-396},
	journaltitle = {Energy Economics},
	shortjournal = {Energy Economics},
	author = {Ringlund, Guro Børnes and Rosendahl, Knut Einar and Skjerpen, Terje},
	urldate = {2013-10-30},
	date = {2008-03},
	keywords = {Oil prices, Oilrig activity, Stochastic trend, Structural time series models},
	file = {ScienceDirect Full Text PDF:/Users/johannesmauritzen/Library/Application Support/Zotero/Profiles/y2oiwf2h.default/zotero/storage/VCXUXWZJ/Ringlund et al. - 2008 - Does oilrig activity react to oil price changes A.pdf:application/pdf;ScienceDirect Snapshot:/Users/johannesmauritzen/Library/Application Support/Zotero/Profiles/y2oiwf2h.default/zotero/storage/R3E727SA/S0140988307000771.html:text/html}
}

@article{smith_subtle_1978,
	title = {The Subtle Impact of Price Controls on Domestic Oil Production},
	volume = {68},
	rights = {Copyright © 1978 American Economic Association},
	issn = {0002-8282},
	url = {http://www.jstor.org/stable/1816733},
	issue = {2},
	pages = {428-433},
	journaltitle = {The American Economic Review},
	shortjournal = {The American Economic Review},
	author = {Smith, Rodney T. and Phelps, Charles E.},
	urldate = {2013-10-30},
	date = {1978-05-01},
	note = {{ArticleType:} research-article / Issue Title: Papers and Proceedings of the Ninetieth Annual Meeting of the American Economic Association / Full publication date: May, 1978 / Copyright © 1978 American Economic Association},
	file = {JSTOR Full Text PDF:/Users/johannesmauritzen/Library/Application Support/Zotero/Profiles/y2oiwf2h.default/zotero/storage/ATM7N7RU/Smith and Phelps - 1978 - The Subtle Impact of Price Controls on Domestic Oi.pdf:application/pdf}
}

@inbook{mohn_elastic_2010,
	title = {Elastic Oil: A Primer on the Economics of Exploration and Production},
	rights = {©2010 Springer-Verlag {GmbH} Berlin Heidelberg},
	isbn = {978-3-642-12066-4, 978-3-642-12067-1},
	url = {http://link.springer.com/chapter/10.1007/978-3-642-12067-1_3},
	shorttitle = {Elastic Oil},
	language = {en},
	pages = {39-58},
	booktitle = {Energy, Natural Resources and Environmental Economics},
	series = {Energy Systems},
	publisher = {Springer Berlin Heidelberg},
	author = {Mohn, Klaus},
	editor = {Bjørndal, Endre and Bjørndal, Mette and Pardalos, Panos M. and Rönnqvist, Mikael},
	urldate = {2013-10-30},
	date = {2010},
	keywords = {{Economics/Management} Science, general, Energy Economics, Energy Policy, Economics and Management, Environmental Economics},
	file = {Snapshot:/Users/johannesmauritzen/Library/Application Support/Zotero/Profiles/y2oiwf2h.default/zotero/storage/BIWBAZSU/978-3-642-12067-1_3.html:text/html}
}

@article{hurn_geology_1994,
	title = {Geology or Economics? Testing Models of Irreversible Investment Using North Sea Oil Data},
	volume = {104},
	rights = {Copyright © 1994 Royal Economic Society},
	issn = {0013-0133},
	url = {http://www.jstor.org/stable/2234756},
	doi = {10.2307/2234756},
	shorttitle = {Geology or Economics?},
	issue = {423},
	pages = {363-371},
	journaltitle = {The Economic Journal},
	shortjournal = {The Economic Journal},
	author = {Hurn, A. S. and Wright, Robert E.},
	urldate = {2013-10-30},
	date = {1994-03-01},
	note = {{ArticleType:} research-article / Full publication date: Mar., 1994 / Copyright © 1994 Royal Economic Society},
	file = {JSTOR Full Text PDF:/Users/johannesmauritzen/Library/Application Support/Zotero/Profiles/y2oiwf2h.default/zotero/storage/6PHZD79T/Hurn and Wright - 1994 - Geology or Economics Testing Models of Irreversib.pdf:application/pdf}
}

@misc{norwegian_petroleum_directorate_petroleum_2013,
	title = {Petroleum Resources on the Norwegian Continental Shelf},
	url = {http://www.npd.no/Global/Engelsk/3-Publications/Resource-report/Resource-report-2013/Ressursrapport-2013-eng.pdf},
	publisher = {Norwegian Petroleum Directorate},
	editor = {Wright, Robert E.},
	date = {2013}
}

@misc{norwegian_ministry_of_petroleum_and_energy_industry_2011,
	title = {An industry for the future - Norway's petroleum activities},
	url = {http://www.regjeringen.no/upload/OED/Petroleumsmeldingen_2011/Oversettelse/2011-06_White-paper-on-petro-activities.pdf},
	publisher = {Norwegian Ministry of Petroleum and Energy},
	editor = {Wright, Robert E.},
	date = {2011-06-24}
}

@article{mohn_efforts_2008,
	title = {Efforts and Efficiency in Oil Exploration: A Vector Error-Correction Approach},
	volume = {Volume 29},
	url = {http://ideas.repec.org/a/aen/journl/2008v29-04-a03.html},
	shorttitle = {Efforts and Efficiency in Oil Exploration},
	issue = {Number 4},
	pages = {53-78},
	journaltitle = {The Energy Journal},
	author = {Mohn, Klaus},
	urldate = {2013-10-30},
	date = {2008},
	file = {34857126.pdf:/Users/johannesmauritzen/Library/Application Support/Zotero/Profiles/y2oiwf2h.default/zotero/storage/PN52Q6WE/34857126.pdf:application/pdf;RePEc Snapshot:/Users/johannesmauritzen/Library/Application Support/Zotero/Profiles/y2oiwf2h.default/zotero/storage/F2XJ6PEZ/2008v29-04-a03.html:text/html}
}